<collection xmlns="http://www.loc.gov/MARC21/slim"><record><leader>00573nam  2200193   450</leader><controlfield tag="001">93</controlfield><controlfield tag="003">http://montalegre.opacnet.com/OPAC/default.aspx?ContentAreaControl=ShowRegHoldings.ascx&amp;RegNo=16662</controlfield><datafield tag="095" ind1=" " ind2=" "><subfield code="a">PTBN00332894</subfield></datafield><datafield tag="100" ind1=" " ind2=" "><subfield code="a">20061013d1972    m  y0pory010305  ba</subfield></datafield><datafield tag="101" ind1="1" ind2=" "><subfield code="a">por</subfield><subfield code="c">eng</subfield></datafield><datafield tag="102" ind1=" " ind2=" "><subfield code="a">PT</subfield></datafield><datafield tag="200" ind1="1" ind2=" "><subfield code="a">&lt;As &gt;colinas de Maketu</subfield><subfield code="f">Gloria Bevan</subfield><subfield code="g">trad. Aurora Rodrigues</subfield></datafield><datafield tag="210" ind1=" " ind2=" "><subfield code="a">Lisboa</subfield><subfield code="c">Romano Torres</subfield><subfield code="d">1972</subfield></datafield><datafield tag="215" ind1=" " ind2=" "><subfield code="a">328, [1] p.</subfield><subfield code="d">18 cm</subfield></datafield><datafield tag="304" ind1=" " ind2=" "><subfield code="a">Tít. orig.: The hills of Maketu</subfield></datafield><datafield tag="675" ind1=" " ind2=" "><subfield code="a">820</subfield><subfield code="v">BN</subfield><subfield code="z">por</subfield></datafield><datafield tag="700" ind1=" " ind2="1"><subfield code="a">Bevan</subfield><subfield code="b">Gloria</subfield></datafield><datafield tag="702" ind1=" " ind2="1"><subfield code="a">Rodrigues</subfield><subfield code="b">Aurora</subfield><subfield code="4">730</subfield></datafield><datafield tag="801" ind1=" " ind2="0"><subfield code="a">PT</subfield><subfield code="b">BN</subfield><subfield code="g">RPC</subfield></datafield><datafield tag="909" ind1="&#9;" ind2=" "><subfield code="a">1</subfield></datafield><datafield tag="966" ind1=" " ind2=" "><subfield code="a">0008304</subfield><subfield code="l">BMM</subfield><subfield code="s">SCG 821 BEV col</subfield></datafield></record></collection>